2475 3900
131 193 190 254 244
432 209 460 260 a
483 209 617 252 unasan
637 209 756 254 amour.

166 321 321 389 Nasidiens,
335 319 407 372 redis
417 329 538 374 mutatas
551 320 651 385 frontis,
667 337 691 369 ur
705 331 763 372 arte

168 388 368 442 Emendaturus
379 389 529 444 fortunam:
548 389 648 442 deinde
662 389 748 442 secuti

168 460 328 512 Mazonomo
341 460 416 526 pueri
429 476 527 526 rusgno
538 459 672 526 discerpta
685 458 802 513 terentes

167 528 293 581 Membra
305 530 379 596 gruis
390 529 476 596 sparsi
488 529 545 582 sala
558 527 642 582 rnulto
655 544 706 580 non
720 530 779 580 sine
792 528 869 598 sarrs,

167 597 315 664 Pinguibus
326 606 353 649 st
366 598 425 650 ficis
436 607 542 665 pastum
553 598 630 667 jecur
642 599 745 650 anseris
756 597 844 666 albae,

167 667 201 720 Et
215 667 333 736 leporum
346 667 461 730 avulsos,
475 677 504 718 ut
517 668 600 720 multo
612 667 731 724 suavius.
743 683 839 735 armos,

167 736 254 793 Quam
268 739 288 788 si
302 753 363 788 oum
377 735 478 788 lumbis
489 737 626 805 quisedit.
662 737 730 790 Tum
745 746 852 804 pectore
864 737 960 792 adusto
1022 741 1056 790 9⁰

167 804 292 858 Vidimus
305 815 332 858 et
345 806 464 858 merulas
476 807 536 874 poni
547 816 576 858 st
588 808 647 862 sina
660 806 739 858 cluna
752 805 902 876 palumbes,

166 875 268 928 Susves
280 893 330 942 res,
345 876 367 928 si
380 892 430 928 non
443 893 540 928 causas
552 884 670 928 narraret
684 893 775 926 earum
790 884 817 926 et

166 945 284 998 Naturas
296 945 428 1013 dominun
440 962 523 1012 quem
536 962 584 996 nos
595 946 635 996 sic
649 944 766 1011 fugimus
778 945 833 1006 ulti,
881 991 883 1004 ,

166 1013 200 1067 Ut
213 1014 277 1066 nihil
291 1014 401 1066 omnino
411 1024 589 1081 gustaremus,
604 1013 677 1068 velut
691 1014 742 1065 iliis
857 1073 860 1076 ¹
951 1063 955 1072 ,

166 1083 276 1136 Canidia
287 1082 407 1136 afflasset
418 1082 492 1151 pejor
504 1083 674 1151 serpentibus
685 1081 777 1136 Afris)
939 1125 943 1132 .
1021 1086 1055 1136 95

131 1188 673 1218 ....-—...-...-L..„.-.-
699 1211 746 1216 -.-

132 1271 156 1320 ii.
168 1274 190 1323 2.
204 1273 322 1318 25.-84.
341 1269 454 1318 Mutatus
464 1271 578 1330 frontis}
597 1270 648 1316 that
661 1269 689 1324 is,
702 1269 733 1316 he
745 1284 800 1316 now
812 1269 881 1317 looks
899 1270 1013 1326 cheersul¹
1027 1287 1055 1321 a!

132 1330 153 1379 it
166 1332 197 1389 by
210 1330 247 1376 his
258 1330 315 1376 strill
328 1330 357 1377 he
370 1346 420 1377 was
432 1331 504 1377 about
516 1340 542 1376 to
558 1330 636 1388 rspsir
648 1329 688 1380 tha
700 1330 801 1387 damage
813 1329 936 1376 sustuined
949 1333 980 1388 by
992 1332 1053 1380 acci-

131 1389 278 1438 dens—87.
293 1390 368 1437 Gratis
379 1392 466 1449 sparsi.
499 1389 547 1436 See
557 1389 657 1446 Zumpt,
670 1389 797 1439 tiz-892
817 1389 937 1450 Compare
949 1390 989 1436 the
1017 1405 1053 1438 re·

131 1459 186 1508 sept
198 1448 245 1496 laid
257 1449 328 1497 down
344 1449 368 1496 in
385 1449 408 1496 ii.
419 1453 443 1501 t.
456 1452 573 1497 44.-93.
590 1447 632 1495 Sic
643 1450 696 1495 alti.
728 1448 777 1494 Ws
794 1447 914 1515 rsvsngsd
930 1405 1054 1497 onrssivss

131 1522 164 1556 ou
182 1507 232 1555 him
252 1509 284 1566 by
302 1508 386 1569 satiug
403 1508 514 1569 nothing.
533 1523 560 1556 ss
579 1508 600 1556 if
619 1507 723 1556 Canidia
740 1507 790 1562 (the
812 1521 923 1566 poisoaer
940 1523 969 1556 so
987 1508 1054 1558 attan

131 1566 246 1617 urseksd
257 1569 290 1627 by
301 1567 405 1619 Horace)
416 1567 463 1616 had
474 1567 592 1617 bresthsd
602 1583 667 1626 upon
678 1569 719 1616 tha
731 1566 823 1614 riands.
