2475 3900
480 238 666 294 summanr
686 249 748 292 urs.
771 249 793 290 1.
851 238 856 248 '
1040 227 1100 286 211

116 420 119 424 ,
213 361 352 416 Dissimile
363 361 415 414 hoc
426 360 467 413 illi
479 369 537 428 est;
554 361 619 429 quia
632 375 691 427 non,
705 368 734 412 ut
746 358 820 411 forsit
832 357 961 411 honorem

213 433 278 486 Jure
290 430 358 483 mihi
371 429 488 483 invideat
500 431 595 498 quivis,
609 430 646 480 ita
659 435 686 479 ts
699 443 803 497 quoque
816 428 944 496 amicum,
1068 429 1101 478 50

215 501 376 553 Praesertim
388 508 498 551 cautum
510 499 604 565 dignos
615 513 754 549 assumere
767 513 847 565 prava

214 569 369 621 Ambitione
381 568 482 636 procul.
519 566 641 619 Felicem
653 565 744 617 dicere
756 582 808 616 non
822 564 874 617 hoo

215 638 264 689 Me
277 639 384 715 possim²
397 653 462 688 casu
475 635 545 704 quod
558 644 585 686 te
597 635 705 687 sortitus
717 634 852 701 amicum;

216 706 299 762 Nulla
311 715 411 758 etenim
424 704 491 757 mihi
506 713 533 757 te
545 704 598 756 fors
610 702 721 756 obtulit:
741 703 858 771 optimus
869 701 934 754 olim

216 774 350 843 Virgilius,
364 782 424 842 post
436 773 508 826 huuc
520 774 616 826 Varius
628 771 729 841 dixere,
740 771 805 840 quid
818 788 916 830 essem.
1069 773 1103 823 55

216 847 251 900 Ut
264 845 326 896 veni
337 841 437 913 coram,
448 841 585 910 singultim
599 858 685 910 pauca
697 841 808 909 locutus,
860 859 865 862 ·

216 914 320 982 (Infans
331 929 448 981 namque
460 913 543 980 pudor
555 911 713 980 prohibebat
725 910 801 979 plura
812 909 923 980 profari)
949 958 952 963 .

216 985 276 1037 Non
290 999 339 1050 ego
351 999 397 1034 ms
409 981 480 1034 clarc
492 990 587 1034 natum
599 988 683 1050 patre,
697 996 750 1031 non
762 996 812 1047 ego
824 980 927 1032 circum

216 1054 265 1106 Me
278 1051 432 1104 Satureiano
445 1051 547 1103 vectari
559 1067 618 1102 rura
631 1048 743 1117 caballo,

217 1121 277 1189 Sed,
291 1121 362 1189 quod
374 1137 456 1187 eram,
470 1136 553 1173 narro.
575 1117 754 1187 Respondes,
769 1126 797 1170 ut
810 1126 872 1172 tuus
885 1126 925 1169 est
938 1133 1004 1184 mos,
1070 1119 1104 1168 60

218 1191 324 1242 Pauca:
342 1190 425 1242 abeo:
445 1197 472 1241 et
484 1205 594 1241 revocas
605 1205 674 1240 nono
686 1196 745 1256 post
758 1205 851 1244 mense
862 1187 995 1256 jubesque

219 1261 286 1312 Esse
298 1257 326 1309 in
338 1259 486 1311 amicorum
498 1273 619 1310 numero.
656 1257 789 1324 Magnum
802 1256 852 1309 hoc
864 1272 914 1324 ego
926 1257 1004 1325 duco,

219 1327 295 1385 Quod
308 1327 396 1394 placui
408 1325 465 1394 tibi,
478 1328 523 1394 qui
537 1326 607 1394 turpi
619 1327 737 1377 secernis
750 1324 900 1394 honestum,

217 1396 278 1449 Non
291 1405 365 1464 patre
378 1394 520 1464 praeclaro,
533 1394 581 1446 sed
593 1395 649 1446 vita
661 1402 687 1445 et
700 1401 807 1461 pectore
820 1409 892 1463 puro.
1133 1437 1139 1444 .

218 1465 301 1533 Atqui
314 1464 336 1517 si
349 1465 421 1516 vitiis
433 1462 612 1515 mediocribus
623 1479 656 1514 ac
668 1479 730 1514 mea
742 1462 837 1529 paucis
1072 1464 1106 1514 65

218 1534 352 1586 Mendosa
365 1542 406 1584 est
417 1545 518 1599 natura,
531 1531 632 1599 alioqui
644 1539 724 1598 recta,
737 1530 810 1581 velut
823 1530 845 1582 si

219 1603 334 1670 Egregie
346 1602 480 1670 inspersos
492 1597 673 1669 reprehendas
685 1615 793 1667 corpore
806 1614 912 1668 naevos,

220 1672 246 1724 Si
257 1688 347 1740 neque
359 1671 502 1724 avaritiam
514 1683 602 1737 neque
615 1668 706 1720 sordes
717 1676 764 1720 aut
776 1667 847 1720 mala
859 1667 943 1720 lustra
989 1691 994 1702 ·

219 1740 334 1809 oujiciet
347 1739 564 1808 veroquisquam
577 1736 652 1805 mihi,
667 1753 746 1807 purus
759 1745 785 1788 et
798 1738 894 1806 insons,

219 1810 256 1862 Ut
268 1827 312 1862 me
325 1809 485 1875 collaudem,
499 1808 521 1860 si
534 1815 562 1858 et
574 1807 634 1859 vivo
647 1823 724 1859 carus
736 1806 831 1858 amicis
838 1822 845 1874 3
1073 1810 1107 1858 70

169 1930 172 1934 ,
220 1879 307 1932 Causa
319 1877 370 1931 suit
382 1886 458 1946 pater
470 1877 518 1946 his,
532 1877 578 1945 qui
590 1893 681 1929 macro
693 1891 794 1945 pauper
805 1874 893 1942 agello

219 1949 311 2002 Noluit
324 1949 350 2001 in
363 1948 437 2001 Flavi
450 1946 545 2000 ludum
557 1964 602 1999 me
615 1948 729 2015 mittere,
743 1945 835 2012 magni

219 2017 279 2076 Quo
291 2018 366 2087 pueri
378 2018 484 2085 magnis
494 2034 511 2068 e
522 2016 723 2069 centurionibus
735 2016 793 2084 orti,

220 2086 311 2140 Laevo
325 2088 448 2157 suspensi
460 2086 562 2139 loculos
573 2086 747 2154 tabulamque
760 2084 867 2153 lacerto,

186 2274 243 2332 only
254 2288 336 2332 young
352 2272 447 2319 menos
461 2272 522 2319 rank
533 2287 596 2319 were
613 2272 780 2319 raised-'lh
798 2271 888 2325 Forsit,
902 2270 1030 2329 spoerical
1045 2270 1107 2319 form

186 2332 214 2379 ol
219 2333 411 2436 (orsitus-51.
430 2330 532 2377 Cautum
542 2341 661 2391 craumers
671 2332 766 2390 digitos,
782 2330 852 2377 ‘who
863 2340 898 2376 art
911 2329 1001 2377 careful
1012 2340 1038 2376 to
1049 2330 1107 2377 take

186 2406 218 2438 on
228 2406 243 2449 y
255 2388 351 2447 worthy
361 2403 461 2445 persons
470 2403 497 2434 as
507 2388 551 2445 thy
562 2387 739 2434 friends.‘-53.
752 2387 866 2435 Sortitus.
899 2388 991 2446 Supply
1000 2390 1053 2441 sim,
1064 2398 1106 2435 not

186 2466 245 2497 sum.
277 2446 340 2493 This
358 2446 379 2493 is
397 2445 490 2504 merely
501 2444 567 2491 what
583 2445 622 2491 his
638 2446 746 2493 enemies
762 2460 814 2503 say,
833 2455 874 2491 not
890 2446 933 2492 the
950 2445 1104 2494 nuth-57.

185 2503 744 2622 lssftttoltttltrssltl'thttlrh‘
753 2504 835 2607 ‘tillssl
846 2502 1108 2621 -tlttltzltlttti

187 2624 281 2672 tmesis.
306 2621 466 2669 Satureiaaur
476 2623 580 2668 rubellas
592 2619 613 2666 is
627 2619 799 2667 ‘aTarentine
811 2620 898 2674 steed,'
913 2620 1026 2666 Saturion
1036 2621 1108 2679 being

187 2684 230 2730 the
245 2681 340 2729 ancient
356 2696 427 2727 name
443 2679 471 2727 os
486 2694 500 2727 a
517 2679 610 2727 district
627 2694 686 2726 near
703 2678 847 2731 Tarentum,
861 2677 922 2725 from
934 2678 1013 2724 which
1030 2694 1044 2725 a
1059 2678 1107 2726 tine

187 2741 261 2789 breed
272 2740 300 2787 os
306 2739 511 2807 carriagehorses
521 2754 598 2786 came.
606 2741 680 2785 -69,
692 2738 777 2785 Purus
788 2746 809 2785 et
821 2739 904 2785 insons
916 2736 1017 2795 belongs
1029 2746 1054 2784 to
1066 2737 1107 2785 the

187 2800 269 2847 clause
280 2797 339 2845 with
350 2800 374 2845 si
389 2813 413 2845 rn
429 2798 470 2844 the
487 2809 545 2845 next
562 2797 701 2846 line—71.
717 2797 816 2857 Pauper
824 2813 834 2852 ,·
854 2795 906 2842 that
922 2796 952 2851 is,
965 2797 1010 2843 etsi
1018 2814 1109 2858 pauper

187 2862 313 2907 erat-73.
327 2858 520 2913 cmrurionum,
529 2857 669 2917 answering
677 2866 757 2915 pretty
767 2856 850 2914 nearly
859 2865 885 2902 to
893 2870 937 2901 our
948 2856 1105 2915 ‘sergeants,'

187 2918 243 2965 who
254 2931 346 2975 oocupy
357 2930 372 2963 a
382 2916 518 2964 somewhat
534 2916 664 2974 important
681 2916 786 2974 position
802 2914 826 2961 in
842 2929 856 2961 s
872 2914 1000 2973 regimem,
1014 2914 1108 2975 though

90 2994 93 2999 ·
186 2975 311 3037 generally
326 2990 384 3022 men
399 2974 426 3021 os
439 2974 539 3022 humble
556 2974 620 3022 birth
638 2974 685 3022 and
702 2974 763 3023 little
781 2972 922 3030 education3
941 2974 965 3020 in
981 2989 995 3019 a
1011 2974 1106 3031 provin·

186 3035 233 3083 oial
251 3044 326 3089 town,
345 3033 467 3089 however,
485 3034 544 3092 they
561 3049 601 3081 are
620 3049 677 3081 men
693 3033 720 3081 of
735 3048 910 3090 consequence,
930 3032 1029 3079 whence
1048 3033 1108 3093 they

186 3109 227 3141 ars
247 3092 305 3141 here
326 3093 404 3140 called
424 3095 597 3163 magoth-74.
623 3092 741 3154 Suspensi
761 3094 856 3146 loculos.
878 3101 917 3141 etc.
958 3092 1106 3200 ὃοὲῆθναηι.

186 3152 263 3205 §252
278 3156 298 3199 1.
329 3152 448 3213 Suspenso
463 3168 483 3199 rs
500 3151 630 3199 construed
646 3152 670 3198 in
685 3151 726 3199 the
742 3166 809 3199 same
822 3166 876 3210 way
887 3167 913 3198 as
929 3168 975 3198 occi
1042 3150 1107 3198 often

187 3210 215 3259 is.
246 3211 331 3258 Loculi
346 3219 367 3257 et
383 3212 463 3257 tohulc
478 3225 519 3257 sre
535 3210 576 3257 the
593 3210 687 3257 satchel
704 3210 750 3257 and
766 3210 984 3271 reohoning-table,
998 3210 1040 3256 the
1056 3226 1107 3257 ma·

187 3270 270 3318 terials
285 3269 322 3317 sor
336 3269 461 3329 counting,
474 3269 555 3316 which
571 3285 623 3316 was
640 3269 681 3316 the
697 3269 847 3328 elementary
863 3269 992 3317 branchos
1005 3270 1106 3316 instruc-

187 3329 245 3376 tion.
277 3329 332 3376 The
343 3328 462 3380 aucients,
475 3337 516 3374 not
534 3328 606 3387 being
623 3328 765 3387 acquainted
776 3328 835 3374 with
847 3328 888 3375 the
900 3328 1002 3375 decimal
1015 3337 1109 3386 system

186 3387 215 3435 of
229 3388 338 3435 notation
355 3387 500 3446 necessarily
511 3386 558 3434 had
576 3402 591 3434 s
606 3386 717 3435 different
733 3387 804 3435 mode
821 3387 849 3433 of
863 3387 978 3446 counting
993 3386 1054 3433 srorn
1071 3400 1108 3432 us.

187 3446 260 3506 They
275 3446 336 3493 used
352 3461 367 3493 a
383 3445 603 3505 rechoning·table‚
617 3446 677 3493 with
694 3446 755 3493 lines
773 3445 808 3493 for
824 3446 865 3492 the
882 3446 956 3498 unite,
970 3454 1033 3497 tens,
1047 3444 1107 3490 hun·

187 3504 267 3562 dreds,
291 3504 340 3553 duc.
373 3504 419 3552 aud
441 3515 553 3553 counters
576 3520 604 3552 or
624 3506 852 3565 reckouiug·stoues
874 3504 982 3559 (calculi.)
1024 3502 1108 3550 These
