2475 3900
402 247 444 290 ns
463 245 547 290 sans
565 242 698 288 cosmon
718 245 821 288 emsa.
1015 227 1074 289 307

189 357 225 412 Et
235 356 345 427 longum
357 367 418 412 noto
430 358 550 427 scriptori
562 366 684 427 prorogat
695 373 803 410 aerum.

189 428 255 480 Sunt
266 427 365 480 delicte
378 437 477 495 tamen,
490 428 589 495 quibus
601 427 732 495 ignovisse
744 426 877 478 velimus:

189 497 262 550 Nam
276 511 364 566 neque
383 496 484 549 chorda
500 513 595 550 sonum
607 497 701 566 reddit,
714 511 798 565 quem
809 495 866 548 vult
882 509 980 548 manus
996 502 1024 546 et

224 582 311 632 mens,
679 604 685 616 i
863 581 866 592 ·

189 635 367 702 Poscentiquc
377 650 487 702 gravem
500 649 630 704 persaepe
643 633 753 686 remittit
765 641 882 702 acuta-m,

189 703 216 756 N
218 721 249 754 eo
261 718 368 770 semper
380 703 466 767 feriet,
479 704 656 772 quodcunque
669 703 820 770 minabitur,
833 719 919 754 arcus.
1024 705 1075 754 350

107 812 112 819 .
190 773 290 824 Verum
304 771 350 824 ubi
361 773 438 842 plura
450 774 534 836 nitent
546 773 572 825 in
585 772 712 841 carmine,
726 789 778 824 non
791 787 841 839 ego
853 771 949 840 paucis

190 841 318 894 Offendar
328 841 449 910 maculis,
463 858 530 910 quas
540 855 586 894 aut
599 842 700 894 incuria
712 842 789 908 fudit,

191 913 245 963 Aut
257 910 376 962 humana
387 927 481 979 parurn
493 911 565 962 cavit
577 920 680 962 natura.
716 911 786 970 Quid
799 925 861 978 erge
874 909 937 962 esti
1009 947 1011 954 -

189 979 226 1033 Ut
238 980 348 1048 scriptor
359 980 381 1031 si
393 989 489 1049 peccat
500 979 574 1032 idem
587 980 709 1032 librarius
721 997 815 1048 usque,

191 1048 322 1106 Quamvis
334 1058 375 1101 est
387 1052 510 1117 monitus,
524 1050 603 1101 venia
614 1059 688 1102 caret
695 1065 703 1117 3
722 1057 751 1102 ut
762 1047 932 1104 citharoedus

190 1118 308 1185 Ridetur,
321 1117 422 1170 chorda
433 1119 479 1186 qui
490 1135 597 1186 semper
608 1118 714 1170 oberrat
726 1117 839 1172 eadem:

191 1187 234 1240 Sic
244 1187 318 1254 mihi,
331 1188 379 1256 qui
391 1189 507 1240 multum
519 1196 617 1248 cessat,
629 1187 659 1240 fir
671 1187 811 1240 Choerilus
823 1185 877 1255 ille,

191 1256 278 1313 Quem
292 1257 335 1310 bis
346 1267 420 1308 terve
432 1257 533 1310 bonurn
546 1273 608 1309 cum
622 1257 675 1309 risu
688 1257 783 1324 mirorj
802 1264 833 1308 et
842 1255 915 1308 idem

191 1325 323 1394 Indignor,
337 1326 497 1394 quandoque
509 1325 596 1378 bonus
607 1325 733 1378 dormitat
745 1327 877 1378 Homerus
883 1341 892 1394 5

191 1393 292 1446 Verum
305 1395 378 1464 operi
390 1395 467 1462 longo
478 1395 522 1446 ias
533 1403 574 1446 est
586 1395 715 1463 obrepere
728 1411 862 1447 somnum.

191 1462 227 1516 Ut
240 1465 349 1533 pictura,
362 1466 452 1532 poesis
463 1464 521 1532 erit,
533 1479 611 1532 quae,
625 1465 647 1515 si
661 1465 766 1532 propius
777 1472 840 1532 stes,
875 1503 883 1512 .

192 1533 232 1584 Te
244 1533 333 1601 capiat
345 1535 438 1602 magis,
451 1541 478 1586 et
490 1532 635 1602 quaedam,
647 1533 670 1584 si
683 1533 786 1600 longius
797 1533 905 1601 obstem

192 1601 267 1654 Haec
279 1613 353 1654 amat
363 1602 513 1670 obschmm,
527 1601 597 1654 volet
610 1601 679 1657 haec
693 1600 743 1655 sub
755 1601 816 1654 luce
828 1600 921 1671 videri,

192 1671 295 1724 Judicis
306 1681 429 1740 argutum
443 1687 513 1741 quae
526 1688 576 1724 non
590 1671 716 1724 formidat
725 1687 857 1738 acumen3

192 1737 268 1794 llaec
279 1739 379 1810 placuit
391 1741 486 1806 semel,
497 1741 565 1793 haec
576 1741 670 1794 decies
681 1741 794 1810 repetita
806 1739 934 1809 placebit.

192 1811 215 1864 0
226 1810 312 1879 major
322 1809 460 1882 juvenum,
473 1811 598 1879 quamvis
609 1819 637 1862 et
649 1825 715 1862 voce
728 1818 838 1878 paterne

193 1879 313 1948 Fingeris
324 1879 360 1933 ad
373 1889 475 1932 rectum
488 1889 515 1933 ot
527 1888 614 1950 perte
627 1879 705 1949 sapis,
719 1875 770 1932 ho'o
781 1879 830 1932 tibi
841 1879 944 1934 diuum

192 1950 267 2013 Tolle
279 1968 390 2019 memor,
403 1951 484 2003 certis
494 1950 617 2003 medium
630 1959 656 2002 et
665 1949 807 2003 tolerabile
819 1950 898 2005 rebus

191 2020 274 2073 Recte
286 2020 398 2073 concedi
411 2021 559 2088 (consultus
568 2019 635 2089 juris
647 2026 673 2071 et
685 2027 758 2071 actor

189 2088 339 2142 Causarum
351 2089 496 2142 mediocris
506 2090 585 2142 abest
597 2090 694 2141 virtute
707 2086 798 2141 diserti

191 2158 345 2219 Messallae,
357 2176 408 2211 nec
420 2161 477 2228 scit‚'
491 2169 620 2227 quantum
634 2157 781 2211 Cascellius
792 2154 884 2227 Aulus,

192 2227 245 2280 Sed
258 2237 348 2280 tamen
360 2229 387 2280 in
400 2229 484 2296 pretio
495 2232 564 2297 est):
582 2228 764 2281 mediocribus
776 2244 837 2281 esso
849 2227 935 2297 poetis

191 2296 252 2348 Non
264 2295 397 2364 homines,
409 2313 460 2348 non
473 2296 509 2363 di,
522 2314 574 2348 non
586 2313 743 2351 concessere
755 2298 907 2351 columnae.

191 2364 228 2417 Ut
239 2373 329 2431 gratas
339 2364 407 2417 inter
418 2382 527 2423 mensas
538 2364 700 2433 symphonia
712 2364 813 2417 discors

157 2514 238 2565 Meret
247 2522 304 2563 cerri
313 2514 400 2570 Sosiis,
415 2513 515 2561 ‘makes
526 2527 615 2573 money
625 2513 660 2560 sor
671 2511 712 2560 the
725 2513 805 2561 Sosii)
835 2514 882 2561 See
891 2513 971 2575 Epist.
981 2514 996 2561 l.
1006 2518 1044 2569 20,
1055 2518 1077 2563 2.

156 2579 239 2625 -347.
262 2574 336 2621 From
358 2574 406 2622 this
427 2574 476 2621 lino
497 2584 523 2620 to
543 2572 592 2619 line
612 2575 657 2621 384
679 2573 774 2620 Horace
795 2570 928 2620 illustrates
950 2572 990 2620 the
1012 2572 1077 2621 truth

157 2634 211 2682 thet
232 2633 304 2682 smnll
329 2632 404 2681 faults
424 2648 480 2692 may
500 2634 531 2679 hs
552 2630 669 2687 excused,
692 2631 808 2679 bunum
829 2646 844 2679 a
864 2646 935 2691 pcern
956 2631 1078 2679 mediocre

158 2693 307 2753 throughout
328 2701 416 2739 cannot
441 2693 472 2739 he
493 2690 723 2739 tolosatem-349.
748 2691 857 2746 Graoem,
883 2691 971 2738 ‘base’
984 2695 1076 2739 -352,

157 2752 232 2801 Pecu
250 2752 325 2820 lrseps
343 2760 368 2798 to
386 2751 428 2799 the
448 2750 526 2811 figure
545 2750 573 2797 os
590 2748 631 2797 the
653 2748 726 2804 blots.
748 2748 846 2805 caused,
867 2764 895 2796 as
913 2750 931 2797 it
951 2764 1023 2803 were,
1046 2752 1078 2809 hy

156 2826 225 2860 some
245 2810 321 2869 liquid
336 2810 427 2869 poured
443 2812 592 2857 out-354.
616 2806 725 2871 Scriptor
742 2810 864 2861 librarius,
882 2824 897 2855 n
912 2808 978 2856 elevo
994 2808 1077 2856 whose

157 2871 271 2919 business
288 2884 340 2917 was
359 2868 464 2929 copying
482 2869 568 2917 books.
606 2868 663 2915 The
678 2867 833 2915 hoohsellers
849 2866 907 2926 kept
923 2877 991 2927 great
1007 2880 1076 2915 num-

157 2930 220 2977 bers.
251 2927 325 2984 Idem,
346 2938 439 2984 neuter,
456 2928 485 2972 ='
497 2930 525 2975 ξπ
543 2930 622 2976 eodan
640 2931 766 2976 re-357.
787 2926 877 2982 Cessat,
899 2926 1022 2986 ‘neglecto
1039 2926 1077 2975 his

156 2988 325 3046 criminales
340 2987 473 3035 blunders.’
506 2986 627 3045 Compare
643 2986 723 3047 Epist.
735 2986 759 3034 ii.
771 2990 793 3040 2,
809 2988 843 3033 14.
877 2986 1016 3035 Choerilus:
1035 3000 1077 3033 sec

156 3046 236 3109 Epist.
248 3046 306 3101 iifl,
319 3050 372 3102 232,
388 3046 436 3093 sud
451 3044 680 3106 following.·-·358.
698 3044 743 3093 Bis
759 3054 830 3099 terve,
846 3044 885 3091 ‘in
901 3055 951 3092 two
966 3057 993 3091 or
1009 3044 1076 3091 three

200 3106 389 3165 semel—359.
410 3104 557 3165 Quandoque
571 3124 596 3146 π
611 3107 899 3165 quandocunque-361.
917 3102 1077 3162 Comperison

155 3162 735 3271 ntultfflrtrtue{interut
747 3160 1076 3277 trt‘tlt‘utmtt:

155 3241 265 3340 mppoepi
275 3256 466 3361 φυγῇ-368.
486 3280 551 3329 Tolle
560 3304 585 3324 =
597 3282 698 3343 suscipe,
713 3256 785 3327 ‘t'alre
797 3252 867 3337 lr’up
880 3278 927 3325 and
939 3278 1001 3336 keep
1018 3254 1035 3324 i't
1052 3278 1077 3325 in

155 3342 345 3391 remembrancs.
356 3343 439 3388 -371,
458 3341 538 3387 Aulus
551 3340 696 3393 Cascellius.
710 3354 723 3386 e
736 3340 827 3398 lawyer
837 3337 865 3385 ol
877 3346 944 3397 great
957 3336 1074 3396 lenming,

155 3399 290 3446 somewhst
305 3398 374 3447 older
389 3399 447 3446 than
464 3400 664 3448 Horace-373.
684 3400 819 3451 Columnae,
838 3396 880 3443 the
896 3395 979 3455 pillars
993 3395 1077 3443 hssors

155 3456 198 3506 the
209 3458 358 3517 boohshops,
371 3472 402 3505 ou
413 3458 494 3506 which
505 3459 547 3506 the
558 3472 613 3507 new
625 3457 707 3505 works
718 3457 778 3505 used
791 3467 815 3503 to
827 3457 856 3503 be
868 3454 936 3515 hung
946 3456 1075 3522 αἰχ-7374.

156 3516 212 3566 'l'hs
223 3517 330 3578 weslthy
342 3517 452 3566 Romans
469 3518 526 3577 kept
543 3518 628 3574 bruris,
642 3517 724 3567 which
739 3512 875 3576 performed
885 3512 973 3575 during
982 3512 1076 3563 drunsr.
