2475 3900
135 227 196 288 238
453 239 483 291 o
504 238 771 284 eommunicet

171 353 253 423 Scire,
266 351 333 407 deos
343 347 473 422 quoniam
485 351 593 431 propius
604 351 744 421 contingis,
758 353 873 424 oportet)

171 424 246 478 Num
258 422 324 492 quid
335 423 371 475 de
384 420 466 474 Dacis
476 420 576 474 audisti
584 421 605 473 Ψ
643 421 700 474 ‘Nil
713 421 858 491 equidem)
897 423 947 477 ‘Ut
959 427 987 476 lu

172 493 284 562 Semper
295 493 349 544 eris
360 490 480 545 derisor!
518 492 569 543 ‘At
580 507 677 544 ornnes
688 490 716 543 di
729 492 865 560 exagitent
877 509 930 563 me,

172 563 198 615 Si
211 560 377 632 quidquam.²
414 558 521 618 ‘Quid‘l
556 560 695 614 Militibus
706 561 837 630 promissa
849 563 991 632 Triquetra
1031 566 1065 615 ⁶5

172 630 288 686 Praedia
299 631 407 695 Caesar,
419 646 454 682 an
466 637 508 681 est
520 629 588 682 ltala
600 629 695 684 tellure
708 629 819 684 daturus
827 631 848 684 l'

172 702 313 755 iurantem
325 716 371 752 me
383 699 452 752 scire
463 698 531 752 nihil
543 698 663 768 miratur,
678 707 707 752 ut
720 716 804 753 unum

173 766 283 823 Scilicet
294 769 395 838 egregii
407 767 548 822 mortalem
560 768 663 837 altique
675 767 774 821 silenti.

173 839 297 894 Perditur
308 838 378 892 haec
390 839 460 891 inter
471 838 569 890 misero
580 837 627 890 lux
640 853 693 890 non
705 838 763 890 sine
776 840 860 890 votis:

176 909 215 962 ‘0
226 925 279 974 rus,
292 908 399 977 quando
412 923 463 974 ego
474 916 501 961 te
513 907 672 976 adspiciam,
686 907 847 976 quandoque
860 907 953 960 licebit
1032 913 1066 961 60

173 978 254 1032 Nunc
266 985 387 1031 vetemm
400 976 483 1044 libris,
495 993 568 1030 nunc
579 992 674 1028 somno
686 986 713 1029 et
725 976 854 1030 inertibus
866 976 939 1031 horis

174 1046 279 1101 Docere
292 1045 413 1099 solicitas
424 1044 543 1113 jucunda
554 1045 653 1098 oblivia
665 1045 757 1098 vitael

173 1116 197 1169 0
207 1113 314 1184 quando
326 1114 390 1168 faba
404 1110 572 1183 Pythagorae
584 1122 700 1182 cognata
711 1115 848 1184 simulque

175 1185 263 1240 Uncto
275 1184 341 1238 satis
352 1184 444 1253 pingui
455 1193 588 1253 ponentur
598 1183 721 1236 oluscula
733 1182 827 1237 lardo?

174 1255 198 1308 Ο
209 1262 302 1307 noctes
313 1269 470 1322 coenaeque
481 1251 574 1316 deam,
585 1252 684 1322 quibus
698 1253 755 1322 ipse
768 1254 884 1323 meique
1032 1258 1065 1308 65

174 1326 246 1377 Ante
259 1323 343 1375 larem
356 1323 491 1393 proprium
505 1339 599 1375 vescor
610 1337 762 1392 vernasque
774 1337 901 1391 procaces

175 1393 260 1446 Pasce
271 1391 362 1445 libetis
373 1391 506 1460 dapibus!
542 1392 622 1447 Prout
634 1390 733 1459 cuique
746 1391 830 1446 libido
844 1402 893 1464 eet,

174 1462 263 1516 Siccat
275 1460 433 1529 inaequales
443 1461 545 1514 calices
555 1461 671 1514 conviva
683 1459 786 1513 solutus

174 1530 294 1599 Legibus
306 1530 414 1598 insanis,
429 1547 477 1582 seu
489 1531 550 1598 quis
561 1531 633 1599 cepit
645 1531 719 1582 acria
730 1528 805 1583 fortis

175 1600 283 1669 Pocula,
297 1615 345 1652 seu
357 1598 474 1652 modicis
485 1600 591 1653 uvescit
603 1599 711 1652 laetius.
747 1600 819 1667 Ergo
1032 1605 1066 1656 70

176 1669 269 1722 Sermo
280 1668 370 1737 oritur,
383 1685 436 1722 non
448 1669 483 1721 de
495 1668 569 1722 villis
580 1668 740 1722 domibusve
752 1669 855 1739 alienis,

174 1739 235 1792 Nec
247 1738 318 1792 male
330 1755 416 1790 necne
427 1738 518 1807 Lepos
528 1737 609 1790 saltet
617 1755 625 1806 ς
643 1739 700 1807 sed,
714 1738 784 1808 quod
799 1738 887 1806 magis
898 1737 933 1792 ad
947 1755 997 1792 nos

176 1807 295 1861 Pertinet
305 1816 333 1859 et
345 1808 451 1860 nescire
463 1807 566 1862 malum
579 1817 630 1869 eet,
642 1808 784 1876 agitamus,
797 1816 920 1861 utrumne

176 1876 283 1930 Divitiis
294 1876 418 1930 homines
428 1893 463 1929 an
476 1877 529 1929 sint
541 1877 641 1930 virtute
653 1877 726 1930 beati
736 1893 743 1945 3

181 1945 289 2005 Quidve
299 1945 335 1999 ed
346 1946 489 2014 amicitiae,
501 1962 569 1998 usus
580 1956 727 2015 rectumne,
741 1945 828 1999 trahat
840 1963 903 2017 nos5
1032 1950 1066 2002 ts

177 2015 212 2069 Et
224 2033 294 2085 quae
306 2016 341 2067 sit
353 2023 449 2067 natura
461 2016 523 2067 boni
535 2031 728 2084 summumque
740 2016 804 2084 quid
818 2016 884 2087 ejus.

176 2084 288 2137 Cervius
299 2084 368 2136 haec
380 2085 450 2135 inter
461 2084 567 2137 vicinus
578 2086 659 2151 garrit
672 2085 758 2137 aniles

177 2153 219 2205 Err
232 2170 260 2205 re
272 2151 396 2205 fabellas.
433 2152 459 2205 si
472 2152 609 2222 quisnam
623 2153 714 2207 laudat
726 2154 812 2207 Arelli

176 2221 309 2275 Sollicitas
321 2222 429 2289 ignarus
440 2238 513 2292 opes,
527 2222 567 2274 sic
579 2223 689 2293 incipit:
710 2224 794 2277 ‘Olim

176 2290 302 2344 Rusticus
315 2290 447 2343 urbanum
459 2308 565 2344 murem
576 2310 639 2345 mus
684 2310 768 2361 upere
780 2293 865 2347 fertur
1032 2297 1067 2348 80

176 2360 325 2429 Accepisse
337 2377 411 2429 cavo,
425 2370 545 2413 veterem
559 2370 639 2415 vetus
650 2309 750 2431 hirspes
761 2364 898 2433 amicum;

175 2431 264 2499 Asper
275 2437 303 2482 et
314 2438 434 2483 attentus
446 2430 582 2500 quaesitis,
595 2442 625 2484 ut
637 2438 728 2485 tamen
740 2440 828 2486 artum

143 2574 367 2625 ‘uncomiortable’
401 2576 522 2635 Compare
533 2576 557 2624 ii.
569 2580 589 2633 l,
601 2580 708 2625 tra-sa.
720 2578 790 2626 Deos.
822 2577 885 2626 This
894 2593 965 2626 name
976 2578 997 2625 is
1008 2577 1067 2626 bera

147 2635 263 2695 ‘ocularly
292 2636 346 2683 iven
358 2645 383 2682 to
394 2636 435 2683 the
445 2646 515 2695 great
526 2651 584 2684 men
595 2636 652 2683 who
663 2637 714 2684 rule
726 2636 768 2684 the
779 2640 919 2685 etate-53.
938 2638 976 2684 As
987 2647 1012 2685 to
1024 2638 1066 2685 the

180 2695 211 2750 ci,
222 2710 263 2742 see
294 2712 353 2743 urm.
363 2694 378 2741 i.
388 2697 427 2751 35,
439 2697 531 2743 9.-54,
542 2694 917 2745 Derisor=direimulator.-55.
932 2694 1067 2757 Quidquam

141 2756 192 2802 scit.
204 2756 375 2802 audivi-60.
387 2753 507 2807 Horace’e
517 2753 646 2814 thoughts,
659 2753 759 2814 longing
774 2754 810 2802 sor
819 2755 862 2802 the
875 2760 1065 2814 country-62.

142 2812 373 2868 verumtanem,
389 2817 431 2860 ‘to
441 2812 512 2860 drink
527 2813 639 2860 in.'-64.
651 2812 785 2861 ferrentur.
819 2814 866 2861 See
883 2814 907 2861 ii.
919 2818 943 2865 4.
958 2816 1065 2863 14.-67.

142 2870 235 2919 Libotir
246 2875 276 2919 do
332 2889 352 2919 r.
384 2872 423 2926 He
434 2872 504 2932 gives
520 2871 558 2919 bie
574 2870 693 2919 favourite
704 2872 785 2921 slaves
801 2875 907 2932 portione
918 2872 946 2921 ol
958 2872 999 2920 the
1010 2872 1066 2921 sood

142 2930 223 2977 which
233 2931 264 2978 he
293 2930 378 2979 imseli
385 2931 406 2979 is
418 2931 509 2988 eeting,
518 2940 543 2977 to
554 2934 695 2981 teste-69.
705 2932 781 2994 Leges
792 2934 894 2982 intortae
904 2947 944 2980 are
956 2931 997 2978 the
1009 2930 1065 2979 sriff

141 2988 208 3037 rules
223 2989 251 3036 ol
265 2990 298 3036 eti
317 3000 384 3037 uette
399 2990 519 3038 observed
534 3000 559 3037 at
576 2990 696 3047 banquets
713 2992 736 3038 in
754 2991 925 3041 Rome-72.
945 2991 1033 3049 Lepos,
1052 3004 1067 3037 a

141 3046 238 3102 dancer,
251 3048 280 3095 of
287 3064 309 3094 w
327 3065 368 3097 om
381 3049 532 3103 Octavianus
543 3062 596 3099 wae
606 3048 741 3098 fond-75.
755 3050 820 3097 Usus
832 3058 1067 3098 rectumne=rrtrum

142 3108 237 3154 atilitor
245 3124 279 3154 on
287 3109 373 3155 virtus.
405 3108 504 3156 Rectam
515 3108 536 3155 ia
547 3123 562 3156 e
572 3107 749 3167 philosophioal
759 3109 901 3167 expression
910 3108 937 3155 oi
944 3109 986 3155 the
998 3108 1067 3155 Stoic

142 3165 236 3220 school,
250 3166 287 3213 ior
303 3166 429 3214 ‘absolute
444 3167 525 3226 good!
534 3170 607 3216 -76.
620 3166 788 3227 Summamque
802 3168 862 3227 qaid
877 3168 928 3235 ejas
936 3182 946 3221 ,·
965 3166 1016 3213 that
1034 3166 1063 3221 is,

142 3227 233 3331 ptmquid
243 3242 357 3332 rqprnrqun
367 3228 525 3331 menzpah:
534 3224 622 3273 Cicero
633 3225 685 3331 hatsh
690 3226 785 3272 written
796 3241 811 3273 a
822 3236 920 3331 treapresde
930 3224 1066 3331 Pepfflbff'

186 3301 253 3331 orum
296 3302 317 3331 ar
342 3302 449 3332 oreme-
483 3322 487 3330 .
523 3290 643 3341 cre,‘es
687 3300 700 3331 e
730 3300 810 3332 eresu
845 3300 871 3331 ee
942 3300 955 3331 o
985 3300 991 3329 r

143 3341 185 3389 the
201 3344 295 3403 subject
311 3343 338 3390 of
355 3343 542 3391 conversation!
586 3344 667 3391 Arelli
681 3300 915 3403 soittirarigimm
931 3360 993 3404 oper,
1009 3298 1067 3389 ‘ch

143 3401 233 3449 wealth
245 3401 273 3449 of
285 3402 402 3456 Arellius,
416 3400 506 3449 weelth
519 3401 599 3450 which
612 3409 635 3456 (e
651 3402 698 3449 fact
711 3401 762 3447 that
774 3401 815 3448 the
828 3416 914 3459 person
931 3401 1037 3461 praieing
1048 3401 1067 3448 it

142 3459 202 3508 does
213 3472 255 3508 not
272 3460 353 3512 lrnow)
363 3475 450 3508 causes
462 3459 513 3508 him
528 3458 601 3509 much
612 3461 711 3519 anxiety
721 3460 768 3507 end
784 3459 966 3509 trouble.’-82.
978 3462 1066 3521 Asper,

145 3519 246 3581 ‘rough’
259 3519 575 3579 inoutwardeppearance3
589 3520 829 3579 ettmtuequaeritir,
844 3519 952 3581 ‘thristy,
963 3518 1065 3581 trugeh’
